<record><leader>00000cas a22000007a 4500</leader><controlfield tag="001">12610276</controlfield><controlfield tag="008">850927d18941902iauwr ne      0    0eng d</controlfield><datafield ind1=" " ind2=" " tag="010"><subfield code="a">sn 85050915 </subfield></datafield><datafield ind1=" " ind2=" " tag="040"><subfield code="a">INP</subfield><subfield code="b">eng</subfield><subfield code="c">INP</subfield><subfield code="d">OCLCQ</subfield></datafield><datafield ind1=" " ind2=" " tag="042"><subfield code="a">msc</subfield></datafield><datafield ind1="0" ind2=" " tag="130"><subfield code="a">Hamilton County journal (Webster City, Iowa)</subfield></datafield><datafield ind1="1" ind2="0" tag="245"><subfield code="a">Hamilton County journal.</subfield></datafield><datafield ind1="3" ind2="0" tag="246"><subfield code="a">Journal</subfield></datafield><datafield ind1=" " ind2=" " tag="260"><subfield code="a">Webster City, Iowa :</subfield><subfield code="b">Smith &amp; Tuttle,</subfield><subfield code="c">1894-1902.</subfield></datafield><datafield ind1=" " ind2=" " tag="300"><subfield code="a">9 v. :</subfield><subfield code="b">ill. ;</subfield><subfield code="c">55 cm.</subfield></datafield><datafield ind1=" " ind2=" " tag="310"><subfield code="a">Weekly</subfield></datafield><datafield ind1="0" ind2=" " tag="362"><subfield code="a">Vol. 1, no. 1 (May 21, 1894)-[v. 9, no. 4 (Oct. 30, 1902)].</subfield></datafield><datafield ind1=" " ind2=" " tag="500"><subfield code="a">Publisher: Furman Tuttle, Apr. 20, 1896-1902.</subfield></datafield><datafield ind1=" " ind2=" " tag="515"><subfield code="a">Vol. 9, no. 44 (Oct. 30, 1902) misnumbered and misdated v. 9, no. 4 (Oct. 3, 1902).</subfield></datafield><datafield ind1=" " ind2=" " tag="752"><subfield code="a">United States</subfield><subfield code="b">Iowa</subfield><subfield code="c">Hamilton</subfield><subfield code="d">Webster City.</subfield></datafield><datafield ind1="0" ind2="0" tag="785"><subfield code="t">Webster City journal</subfield><subfield code="w">(DLC)sn 85050934</subfield></datafield></record>